% This file was created with Citavi 6.17.0.0

@article{.,
 title = {content},
 url = {https://pure.mpg.de/rest/items/item_60947/component/file_1069612/content},
 urldate = {30.01.2024},
 file = {content:Attachments/content.pdf:application/pdf}
}


