% This file was created with Citavi 6.17.0.0

@article{.,
 title = {2022 Zahlen Daten Fakten},
 url = {https://www.tu-dortmund.de/storages/tu_website/Dezernat_2/230824_ZahlenDatenFakten_2022_WEB2.pdf},
 urldate = {31.01.2024},
 file = {230824{\_}ZahlenDatenFakten{\_}2022{\_}WEB2:Attachments/230824{\_}ZahlenDatenFakten{\_}2022{\_}WEB2.pdf:application/pdf}
}


@misc{.31.01.2024,
 year = {31.01.2024},
 title = {(Neu)Bau Bibliothek. Aktuelles rund um Umzug, Standorte und Best{\"a}nde},
 url = {https://baublog.ub.tu-dortmund.de/},
 urldate = {31.01.2024}
}


@misc{TUDortmund.25.01.2024,
 abstract = {17 Fakult{\"a}ten in Natur- und Ingenieurwissenschaften, Gesellschafts- und Kul­tur­wissen­schaften pr{\"a}gen das einzigartige Profil der TU Dortmund.},
 author = {{TU Dortmund}},
 year = {25.01.2024},
 title = {Fakult{\"a}ten der TU Dortmund},
 url = {https://www.tu-dortmund.de/universitaet/fakultaeten/},
 urldate = {31.01.2024}
}


@misc{TUDortmund.25.01.2024b,
 author = {{TU Dortmund}},
 year = {25.01.2024},
 title = {Lernorte der TU Dortmund},
 url = {https://ub.tu-dortmund.de/lernen-lehren/lernorte-auf-dem-campus/},
 urldate = {31.01.2024}
}


@misc{TUDortmund.26.01.2024,
 abstract = {Statistik der Studierenden: Wie viele Studierende gibt es an der TU Dortmund? Wie viele von ihnen sind weiblich? Wie viele von ihnen sind international?},
 author = {{TU Dortmund}},
 year = {26.01.2024},
 title = {Studierende},
 url = {https://www.tu-dortmund.de/universitaet/infomaterial-und-downloads/statistiken/,
 urldate = {31.01.2024}
}


