% This file was created with Citavi 6.17.0.0

@misc{.27.01.2024,
 year = {27.01.2024},
 title = {Lernorte auf dem Campus -- (Neu)Bau Bibliothek. Aktuelles rund um Umzug, Standorte und Best{\"a}nde},
 url = {https://baublog.ub.tu-dortmund.de/index.php/lernorte-auf-dem-campus/comment-page-1/},
 urldate = {27.01.2024}
}


