@comment{Bib-it,
	This file was created by Bib-it 1.4 by André König
	6 entries written
}

@ARTICLE{Fanta2099,
	author = {Weidenstängel, Karl and Pappenheimer, Anton and Keinernix, Heiner},
	title = {Quasiexistenz Bielefelds},
	year = {2099},
	pages = {20-44},
	journal = {Nonsense Publications},
	volume = {4},
	number = {2}
}
@BOOK{Knappen2004,
	author = {Knappen, Jörg},
	title = {Schnell ans Ziel mit LaTeX2e},
	year = {2004},
	edition = {2},
	publisher = {Oldenburg},
	address = {München, Wien}
}
@BOOK{Kopka2000,
	author = {Kopka, Helmut},
	title = {LaTeX Einführung},
	year = {2000},
	edition = {3},
	volume = {1},
	publisher = {Addison-Wesley},
	address = {München}
}

@book{hartung_statistik_1982,
	title = {Statistik: Lehr- und Handbuch der angewandten Statistik},
	shorttitle = {Statistik},
	publisher = {R. Oldenbourg},
	author = {Joachim Hartung and Bärbel Elpelt and Karl-Heinz Kl\"{o}sener},
	year = {1982},
	hyphenation = {ngerman},
	language = {german}
}

@book{huber_robust_2009,
	title = {Robust statistics},
	publisher = {John Wiley \& Sons Inc},
	author = {Peter J. Huber and Elvezio Ronchetti},
	year = 2009,
	hyphenation = {american}
}

@article{lin_robust_1989,
	title = {The robust inference for the Cox proportional hazards model},
	journal = {Journal of the American Statistical Association},
	author = {D. Y. Lin and L. J Wei},
	year = {1989},
	pages = {1074{\textendash}1078},
	hyphenation = {USenglish}
}